110049666123161764942507122507182000000199074899783                             
22    00012507142507140007320000000000426505395035100253950351060805001300000070
2301COBRO DEL RECIBO 004900016081435142                                         
22    00012507142507140007320000000020562505395035610253950356130805001300000070
2301COBRO DEL RECIBO 004900016081435144                                         
22    00012507142507140007410000000010068005394726780253947267880805001300000070
2301DEVOLUCION DEL RECIBO 004900016081435054                                    
22    00012507142507140007320000000000072505395041190253950411930805001300000070
2301COBRO DEL RECIBO 004900016081435149                                         
22    00012507142507140007320000000010494505395055890253950558980805001300000070
2301COBRO DEL RECIBO 004900016081435192                                         
22    00012507142507140007320000000000426505395057870253950578720805001300000070
2301COBRO DEL RECIBO 004900016081435233                                         
22    00012507142507140007320000000005283505395060670253950606710805001300000070
2301COBRO DEL RECIBO 004900016081435264                                         
22    00012507142507140007320000000000550005394350490253943504910805001300000070
2301COBRO DEL RECIBO 004900016081435304                                         
22    00012507142507140007320000000000250005395093720253950937210805001300000070
2301COBRO DEL RECIBO 004900016081435492                                         
22    00012507142507140007320000000010494505392342960253923429660805001300000070
2301COBRO DEL RECIBO 004900016081435610                                         
22    00012507142507140007320000000000600005394783210253947832140805001300000070
2301COBRO DEL RECIBO 004900016081435624                                         
22    00012507142507140007320000000002250005391379190253913791970805001300000070
2301COBRO DEL RECIBO 004900016081436861                                         
22    00012507142507140007320000000000275005394704080253947040810805001300000070
2301COBRO DEL RECIBO 004900016081437294                                         
22    00012507142507140007320000000000600005394782320253947823230805001300000070
2301COBRO DEL RECIBO 004900016081437527                                         
22    00012507142507140007320000000000600005395096480253950964850805001300000070
2301COBRO DEL RECIBO 004900016081437600                                         
22    00012507142507140007320000000000550005395100750253951007560805001300000070
2301COBRO DEL RECIBO 004900016081438439                                         
22    00012507142507140007320000000001980005395101400253951014070805001300000070
2301COBRO DEL RECIBO 004900016081438678                                         
22    00012507142507140007320000000001980005394810700253948107040805001300000070
2301COBRO DEL RECIBO 004900016081439279                                         
22    00012507142507140007320000000001980005395104870253951048720805001300000070
2301COBRO DEL RECIBO 004900016081439480                                         
22    00012507142507140007320000000000990005395104680253951046800805001300000070
2301COBRO DEL RECIBO 004900016081439497                                         
22    00012507142507140007320000000000275005395105040253951050470805001300000070
2301COBRO DEL RECIBO 004900016081439586                                         
22    00012507142507140007320000000010068005394726780253947267880805001300000070
2301COBRO DEL RECIBO 004900016081440359                                         
22    00012507142507140007320000000001510204391322480243913224870805001300000070
2301COBRO DEL RECIBO 004900016081440434                                         
22    00012507152507150007320000000000600005395106580253951065810805001300000070
2301COBRO DEL RECIBO 004900016081440863                                         
22    00012507152507150007320000000002150005395100260253951002660805001300000070
2301COBRO DEL RECIBO 004900016081440860                                         
22    00012507152507150007320000000002013605395106010253951060130805001300000070
2301COBRO DEL RECIBO 004900016081440854                                         
22    48902507152507150004320000000000704805394772340253947723460805001300000070
2301COBRO DEL RECIBO 004948906080347030                                         
22    00012507152507150007320000000000275005395107810253951078180805001300000070
2301COBRO DEL RECIBO 004900016081441197                                         
22    00012507152507150007320000000000275005395107120253951071250805001300000070
2301COBRO DEL RECIBO 004900016081441219                                         
22    71872507152507150007320000000000275005393713390253937133940805001300000070
2301COBRO DEL RECIBO 004971876080277833                                         
22    00012507152507150007320000000000550005395109860253951098620805001300000070
2301COBRO DEL RECIBO 004900016081441464                                         
22    00012507152507150007320000000002150005395111050253951110550805001300000070
2301COBRO DEL RECIBO 004900016081442112                                         
22    00012507152507150007320000000001980005395108630253951086320805001300000070
2301COBRO DEL RECIBO 004900016081442117                                         
22    00012507152507150007320000000002150004391208760243912087630805001300000070
2301COBRO DEL RECIBO 004900016081442149                                         
22    00012507152507150007320000000001980005395106350253951063560805001300000070
2301COBRO DEL RECIBO 004900016081442199                                         
22    00012507152507150007320000000010494505394000770253940007760805001300000070
2301COBRO DEL RECIBO 004900016081442236                                         
22    00012507152507150007320000000000750005395112870253951128700805001300000070
2301COBRO DEL RECIBO 004900016081442308                                         
22    00012507162507160007320000000009054505394615080253946150880805001300000070
2301COBRO DEL RECIBO 004900016081442402                                         
22    00012507162507160007320000000002150005395118470253951184790805001300000070
2301COBRO DEL RECIBO 004900016081443130                                         
22    33212507162507160007320000000000249505394608720253946087260805001300000070
2301COBRO DEL RECIBO 004967736080269420                                         
22    00012507162507160007320000000000600005395121220253951212290805001300000070
2301COBRO DEL RECIBO 004900016081443409                                         
22    00012507162507160007320000000001980005395106850253951068510805001300000070
2301COBRO DEL RECIBO 004900016081443623                                         
22    00012507162507160007320000000000426505395110620253951106270805001300000070
2301COBRO DEL RECIBO 004900016081443858                                         
22    00012507162507160007320000000000426505395126160253951261680805001300000070
2301COBRO DEL RECIBO 004900016081444197                                         
22    00012507162507160007320000000000072505395132940253951329470805001300000070
2301COBRO DEL RECIBO 004900016081444222                                         
22    00012507162507160007320000000000426505395134770253951347790805001300000070
2301COBRO DEL RECIBO 004900016081444228                                         
22    00012507162507160007320000000010494505395140720253951407230805001300000070
2301COBRO DEL RECIBO 004900016081444251                                         
22    00012507162507160007320000000000275005395122070253951220720805001300000070
2301COBRO DEL RECIBO 004900016081444256                                         
22    00012507162507160007320000000000249505395172310253951723160805001300000070
2301COBRO DEL RECIBO 004900016081444401                                         
22    00012507162507160007320000000000426505395181690253951816950805001300000070
2301COBRO DEL RECIBO 004900016081444474                                         
22    00012507162507160007320000000001980005395119520253951195200805001300000070
2301COBRO DEL RECIBO 004900016081444619                                         
22    00012507162507160007320000000000426505395201680253952016890805001300000070
2301COBRO DEL RECIBO 004900016081444596                                         
22    00012507162507160007320000000000426505395205150253952051530805001300000070
2301COBRO DEL RECIBO 004900016081444617                                         
22    00012507162507160007320000000000072505395206090253952060930805001300000070
2301COBRO DEL RECIBO 004900016081444653                                         
22    00012507162507160007320000000000426505395244250253952442500805001300000070
2301COBRO DEL RECIBO 004900016081444865                                         
22    00012507162507160007320000000005283505395250710253952507110805001300000070
2301COBRO DEL RECIBO 004900016081444879                                         
22    00012507162507160007320000000010494505395256130253952561330805001300000070
2301COBRO DEL RECIBO 004900016081444899                                         
22    00012507162507160007320000000000072505395251320253952513260805001300000070
2301COBRO DEL RECIBO 004900016081444883                                         
22    00012507162507160007320000000000426505395288980253952889890805001300000070
2301COBRO DEL RECIBO 004900016081445021                                         
22    00012507162507160007320000000000072505395290720253952907200805001300000070
2301COBRO DEL RECIBO 004900016081445019                                         
22    00012507162507160007320000000000426505395300860253953008660805001300000070
2301COBRO DEL RECIBO 004900016081445041                                         
22    00012507162507160007320000000001075005395117960253951179660805001300000070
2301COBRO DEL RECIBO 004900016081445053                                         
22    00012507162507160007320000000000426505395273440253952734490805001300000070
2301COBRO DEL RECIBO 004900016081444974                                         
22    00012507162507160007320000000000426505395321050253953210580805001300000070
2301COBRO DEL RECIBO 004900016081445075                                         
22    00012507162507160007320000000000426505395348370253953483770805001300000070
2301COBRO DEL RECIBO 004900016081445085                                         
22    00012507162507160007320000000000426505395348970253953489710805001300000070
2301COBRO DEL RECIBO 004900016081445089                                         
22    00012507162507160007320000000000249505395363140253953631490805001300000070
2301COBRO DEL RECIBO 004900016081445115                                         
22    00012507162507160007320000000000249505395358490253953584970805001300000070
2301COBRO DEL RECIBO 004900016081445102                                         
22    00012507162507160007320000000000426505395368270253953682720805001300000070
2301COBRO DEL RECIBO 004900016081445119                                         
22    00012507162507160007320000000010494505395394300253953943090805001300000070
2301COBRO DEL RECIBO 004900016081445143                                         
22    00012507162507160007320000000009054505395358620253953586220805001300000070
2301COBRO DEL RECIBO 004900016081445103                                         
22    00012507162507160007320000000000072505395451850253954518590805001300000070
2301COBRO DEL RECIBO 004900016081445170                                         
22    00012507162507160007320000000000072505395358910253953589170805001300000070
2301COBRO DEL RECIBO 004900016081445104                                         
22    00012507162507160007320000000000249505395454010253954540120805001300000070
2301COBRO DEL RECIBO 004900016081445173                                         
22    00012507162507160007320000000005283505395461040253954610430805001300000070
2301COBRO DEL RECIBO 004900016081445182                                         
22    00012507162507160007320000000000426505395465070253954650740805001300000070
2301COBRO DEL RECIBO 004900016081445184                                         
22    00012507162507160007320000000000249505395465390253954653950805001300000070
2301COBRO DEL RECIBO 004900016081445187                                         
22    00012507162507160007320000000000426505395473380253954733880805001300000070
2301COBRO DEL RECIBO 004900016081445194                                         
22    00012507162507160007320000000010068005395118250253951182520805001300000070
2301COBRO DEL RECIBO 004900016081445229                                         
22    00012507162507160007320000000000426505395496350253954963510805001300000070
2301COBRO DEL RECIBO 004900016081445239                                         
22    00012507162507160007320000000000249505395506470253955064720805001300000070
2301COBRO DEL RECIBO 004900016081445273                                         
22    00012507162507160007320000000000072505395510650253955106530805001300000070
2301COBRO DEL RECIBO 004900016081445282                                         
22    00012507162507160007320000000001980005394735480253947354800805001300000070
2301COBRO DEL RECIBO 004900016081445284                                         
22    00012507162507160007320000000010494505395549800253955498060805001300000070
2301COBRO DEL RECIBO 004900016081445319                                         
22    00012507162507160007320000000000331505395559570253955595790805001300000070
2301COBRO DEL RECIBO 004900016081445323                                         
22    00012507162507160007320000000000426505395563060253955630630805001300000070
2301COBRO DEL RECIBO 004900016081445330                                         
22    00012507162507160007320000000000426505395584440253955844430805001300000070
2301COBRO DEL RECIBO 004900016081445336                                         
22    00012507162507160007320000000000426505395650560253956505610805001300000070
2301COBRO DEL RECIBO 004900016081445379                                         
22    00012507162507160007320000000000072505395678810253956788190805001300000070
2301COBRO DEL RECIBO 004900016081445415                                         
22    00012507162507160007320000000000072505395699010253956990110805001300000070
2301COBRO DEL RECIBO 004900016081445441                                         
22    00012507172507170007320000000000072505395712370253957123740805001300000070
2301COBRO DEL RECIBO 004900016081445448                                         
22    00012507172507170007320000000010494505395776760253957767660805001300000070
2301COBRO DEL RECIBO 004900016081445465                                         
22    00012507172507170007320000000010494505395825160253958251680805001300000070
2301COBRO DEL RECIBO 004900016081445497                                         
22    00012507172507170007320000000000426505395825450253958254580805001300000070
2301COBRO DEL RECIBO 004900016081445498                                         
22    00012507172507170007320000000000426505395831000253958310000805001300000070
2301COBRO DEL RECIBO 004900016081445502                                         
22    00012507172507170007320000000000426505395832880253958328820805001300000070
2301COBRO DEL RECIBO 004900016081445505                                         
22    00012507172507170007320000000005283505395841420253958414210805001300000070
2301COBRO DEL RECIBO 004900016081445511                                         
22    00012507172507170007320000000000072505395843520253958435210805001300000070
2301COBRO DEL RECIBO 004900016081445528                                         
22    00012507172507170007320000000000249505395848140253958481490805001300000070
2301COBRO DEL RECIBO 004900016081445545                                         
22    00012507172507170007320000000000426505395857720253958577250805001300000070
2301COBRO DEL RECIBO 004900016081445566                                         
22    00012507172507170007320000000000137505391522890253915228940805001300000070
2301COBRO DEL RECIBO 004900016081445573                                         
22    00012507172507170007320000000000249505395858140253958581460805001300000070
2301COBRO DEL RECIBO 004900016081445568                                         
22    00012507172507170007320000000000426505395862080253958620810805001300000070
2301COBRO DEL RECIBO 004900016081445583                                         
22    00012507172507170007320000000000426505395862870253958628730805001300000070
2301COBRO DEL RECIBO 004900016081445591                                         
22    00012507172507170007320000000000426505395887810253958878150805001300000070
2301COBRO DEL RECIBO 004900016081445627                                         
22    00012507172507170007320000000000426505395896720253958967230805001300000070
2301COBRO DEL RECIBO 004900016081445640                                         
22    00012507172507170007320000000000426505395917800253959178060805001300000070
2301COBRO DEL RECIBO 004900016081445647                                         
22    00012507172507170007320000000000426505395925030253959250310805001300000070
2301COBRO DEL RECIBO 004900016081445649                                         
22    00012507172507170007320000000000426505395930170253959301790805001300000070
2301COBRO DEL RECIBO 004900016081445653                                         
22    00012507172507170007320000000000426505395953040253959530430805001300000070
2301COBRO DEL RECIBO 004900016081445668                                         
22    00012507172507170007320000000000426505395960760253959607630805001300000070
2301COBRO DEL RECIBO 004900016081445687                                         
22    00012507172507170007320000000000249505395967810253959678150805001300000070
2301COBRO DEL RECIBO 004900016081445693                                         
22    00012507172507170007320000000010494505395986300253959863060805001300000070
2301COBRO DEL RECIBO 004900016081445704                                         
22    00012507172507170007320000000000249505396008290253960082980805001300000070
2301COBRO DEL RECIBO 004900016081445715                                         
22    00012507172507170007320000000001980005396009440253960094460805001300000070
2301COBRO DEL RECIBO 004900016081446095                                         
22    00012507172507170007320000000000072505396014360253960143600805001300000070
2301COBRO DEL RECIBO 004900016081446092                                         
22    00012507172507170007320000000000426505396026480253960264860805001300000070
2301COBRO DEL RECIBO 004900016081446162                                         
22    00012507172507170007320000000000426505396049840253960498450805001300000070
2301COBRO DEL RECIBO 004900016081446233                                         
22    00012507172507170007320000000010494505395849410253958494170805001300000070
2301COBRO DEL RECIBO 004900016081446246                                         
22    00012507172507170007320000000010494505396076370253960763780805001300000070
2301COBRO DEL RECIBO 004900016081446412                                         
22    00012507172507170007320000000000249505396082920253960829280805001300000070
2301COBRO DEL RECIBO 004900016081446456                                         
22    00012507172507170007320000000005272305396088390253960883910805001300000070
2301COBRO DEL RECIBO 004900016081446489                                         
22    00012507172507170007320000000000072505396088690253960886940805001300000070
2301COBRO DEL RECIBO 004900016081446491                                         
22    00012507172507170007320000000000072505396090470253960904760805001300000070
2301COBRO DEL RECIBO 004900016081446500                                         
22    56792507172507170004320000000001980005396049530253960495320805001300000070
2301COBRO DEL RECIBO 004956796080376673                                         
22    00012507172507170007320000000010494505395665010253956650180805001300000070
2301COBRO DEL RECIBO 004900016081446553                                         
22    00012507172507170007320000000002150005395124020253951240210805001300000070
2301COBRO DEL RECIBO 004900016081446595                                         
22    00012507172507170007320000000000426505396106850253961068570805001300000070
2301COBRO DEL RECIBO 004900016081446592                                         
22    00012507172507170007320000000000072505396120760253961207630805001300000070
2301COBRO DEL RECIBO 004900016081446620                                         
22    00012507172507170007320000000010494505396122500253961225020805001300000070
2301COBRO DEL RECIBO 004900016081446643                                         
22    00012507172507170007320000000005283505396128660253961286600805001300000070
2301COBRO DEL RECIBO 004900016081446663                                         
22    00012507172507170007320000000000600005395121420253951214270805001300000070
2301COBRO DEL RECIBO 004900016081446657                                         
22    00012507172507170007320000000000550005394926550253949265520805001300000070
2301COBRO DEL RECIBO 004900016081446701                                         
22    00012507172507170007320000000005283505396168740253961687470805001300000070
2301COBRO DEL RECIBO 004900016081446737                                         
22    00012507172507170007320000000000249505396162900253961629040805001300000070
2301COBRO DEL RECIBO 004900016081446735                                         
22    00012507172507170007320000000000426505396202270253962022740805001300000070
2301COBRO DEL RECIBO 004900016081446781                                         
22    00012507172507170007320000000000426505396210780253962107860805001300000070
2301COBRO DEL RECIBO 004900016081446845                                         
22    00012507172507170007320000000010494505396211880253962118810805001300000070
2301COBRO DEL RECIBO 004900016081446875                                         
22    00012507172507170007320000000000426505396209200253962092020805001300000070
2301COBRO DEL RECIBO 004900016081446984                                         
22    00012507172507170007320000000000426505396224440253962244450805001300000070
2301COBRO DEL RECIBO 004900016081447066                                         
22    00012507172507170007320000000000426505396261260253962612650805001300000070
2301COBRO DEL RECIBO 004900016081447253                                         
22    00012507172507170007320000000005283505396270990253962709930805001300000070
2301COBRO DEL RECIBO 004900016081447292                                         
22    00012507172507170007320000000000426505396272640253962726480805001300000070
2301COBRO DEL RECIBO 004900016081447305                                         
22    00012507172507170007320000000010494505396282840253962828490805001300000070
2301COBRO DEL RECIBO 004900016081447355                                         
22    00012507172507170007320000000010494505396295020253962950230805001300000070
2301COBRO DEL RECIBO 004900016081447534                                         
22    00012507172507170007320000000009054505396310700253963107070805001300000070
2301COBRO DEL RECIBO 004900016081447660                                         
22    00012507172507170007320000000000426505396351430253963514360805001300000070
2301COBRO DEL RECIBO 004900016081447720                                         
22    00012507172507170007320000000009054505396347620253963476260805001300000070
2301COBRO DEL RECIBO 004900016081447706                                         
22    00012507172507170007320000000005283505396412920253964129290805001300000070
2301COBRO DEL RECIBO 004900016081447787                                         
22    00012507172507170007320000000000426505396413290253964132980805001300000070
2301COBRO DEL RECIBO 004900016081447788                                         
22    00012507172507170007320000000000249505396430340253964303470805001300000070
2301COBRO DEL RECIBO 004900016081447808                                         
22    00012507172507170007320000000000426505396436550253964365580805001300000070
2301COBRO DEL RECIBO 004900016081447815                                         
22    00012507172507170007320000000010494505396439130253964391380805001300000070
2301COBRO DEL RECIBO 004900016081447818                                         
22    00012507172507170007320000000000426505396484360253964843650805001300000070
2301COBRO DEL RECIBO 004900016081447899                                         
22    00012507172507170007320000000000426505396501780253965017860805001300000070
2301COBRO DEL RECIBO 004900016081447983                                         
22    00012507172507170007320000000000249505396503690253965036910805001300000070
2301COBRO DEL RECIBO 004900016081447997                                         
22    00012507172507170007320000000000249505396505570253965055720805001300000070
2301COBRO DEL RECIBO 004900016081448002                                         
22    00012507172507170007320000000005283505396509920253965099290805001300000070
2301COBRO DEL RECIBO 004900016081448007                                         
22    00012507172507170007320000000004563505396525090253965250960805001300000070
2301COBRO DEL RECIBO 004900016081448023                                         
22    00012507172507170007320000000000426505396536820253965368240805001300000070
2301COBRO DEL RECIBO 004900016081448031                                         
22    00012507172507170007320000000000426505396536130253965361310805001300000070
2301COBRO DEL RECIBO 004900016081448029                                         
22    00012507172507170007320000000010494505396569390253965693950805001300000070
2301COBRO DEL RECIBO 004900016081448064                                         
22    00012507172507170007320000000000072505395500060253955000620805001300000070
2301COBRO DEL RECIBO 004900016081448079                                         
22    00012507182507180007320000000000249505396623250253966232580805001300000070
2301COBRO DEL RECIBO 004900016081448121                                         
22    00012507182507180007320000000000426505396641440253966414460805001300000070
2301COBRO DEL RECIBO 004900016081448127                                         
22    00012507182507180007320000000000072505395681090253956810960805001300000070
2301COBRO DEL RECIBO 004900016081448149                                         
22    00012507182507180007320000000000426505396740320253967403260805001300000070
2301COBRO DEL RECIBO 004900016081448185                                         
22    00012507182507180007320000000000249505396745690253967456960805001300000070
2301COBRO DEL RECIBO 004900016081448190                                         
22    00012507182507180007320000000009054505396757400253967574020805001300000070
2301COBRO DEL RECIBO 004900016081448198                                         
22    00012507182507180007320000000000990005394727170253947271720805001300000070
2301COBRO DEL RECIBO 004900016081448250                                         
22    00012507182507180007320000000010494505396879990253968799930805001300000070
2301COBRO DEL RECIBO 004900016081448252                                         
22    00012507182507180007320000000000072505396907650253969076510805001300000070
2301COBRO DEL RECIBO 004900016081448260                                         
22    00012507182507180007320000000010494505396910970253969109740805001300000070
2301COBRO DEL RECIBO 004900016081448264                                         
22    00012507182507180007320000000000426505396911750253969117590805001300000070
2301COBRO DEL RECIBO 004900016081448267                                         
22    00012507182507180007320000000000072505396928330253969283380805001300000070
2301COBRO DEL RECIBO 004900016081448274                                         
22    00012507182507180007320000000005283505396928910253969289100805001300000070
2301COBRO DEL RECIBO 004900016081448275                                         
22    00012507182507180007320000000000072505396913590253969135900805001300000070
2301COBRO DEL RECIBO 004900016081448543                                         
22    00012507182507180007320000000000426505396478320253964783270805001300000070
2301COBRO DEL RECIBO 004900016081448549                                         
22    00012507182507180007320000000001980005396961130253969611350805001300000070
2301COBRO DEL RECIBO 004900016081448573                                         
22    00012507182507180007320000000002150005396960090253969600930805001300000070
2301COBRO DEL RECIBO 004900016081448599                                         
22    00012507182507180007320000000010995805397015130253970151310805001300000070
2301COBRO DEL RECIBO 004900016081448770                                         
22    14402507182507180007320000000000426505394232770253942327780805001300000070
2301COBRO DEL RECIBO 004966616080278146                                         
22    69902507182507180007320000000001980005396962020253969620250805001300000070
2301COBRO DEL RECIBO 004969906080257601                                         
22    00012507182507180007320000000000426505397021920253970219230805001300000070
2301COBRO DEL RECIBO 004900016081448931                                         
22    00012507182507180007320000000001006805397015210253970152100805001300000070
2301COBRO DEL RECIBO 004900016081448946                                         
22    00012507182507180007320000000001980005395986580253959865820805001300000070
2301COBRO DEL RECIBO 004900016081448954                                         
22    50582507182507180007320000000000426505396201970253962019770805001300000070
2301COBRO DEL RECIBO 004950586080421229                                         
22    00012507182507180007320000000010494505397087150253970871570805001300000070
2301COBRO DEL RECIBO 004900016081449325                                         
22    00012507182507180007320000000005283505397089350253970893560805001300000070
2301COBRO DEL RECIBO 004900016081449331                                         
22    00012507182507180007320000000000426505397132680253971326820805001300000070
2301COBRO DEL RECIBO 004900016081449390                                         
22    00012507182507180007320000000000426505397148710253971487160805001300000070
2301COBRO DEL RECIBO 004900016081449535                                         
22    00012507182507180007320000000000426505397156430253971564370805001300000070
2301COBRO DEL RECIBO 004900016081449677                                         
22    00012507182507180007320000000005283505397160720253971607200805001300000070
2301COBRO DEL RECIBO 004900016081449749                                         
22    00012507182507180007320000000000072505397165390253971653940805001300000070
2301COBRO DEL RECIBO 004900016081449778                                         
22    00012507182507180007320000000010494505397258680253972586890805001300000070
2301COBRO DEL RECIBO 004900016081449990                                         
22    00012507182507180007320000000000990005396231560253962315620805001300000070
2301COBRO DEL RECIBO 004900016081450007                                         
22    00012507182507180007320000000000426505397302130253973021350805001300000070
2301COBRO DEL RECIBO 004900016081450050                                         
22    00012507182507180007320000000000072505397339890253973398950805001300000070
2301COBRO DEL RECIBO 004900016081450122                                         
22    00012507182507180007320000000000990005396961430253969614380805001300000070
2301COBRO DEL RECIBO 004900016081450134                                         
22    00012507182507180007320000000000331505397348430253973484370805001300000070
2301COBRO DEL RECIBO 004900016081450155                                         
22    00012507182507180007320000000000072505397372360253973723600805001300000070
2301COBRO DEL RECIBO 004900016081450233                                         
22    00012507182507180007320000000010494505397381220253973812250805001300000070
2301COBRO DEL RECIBO 004900016081450252                                         
22    00012507182507180007320000000010494505397398440253973984480805001300000070
2301COBRO DEL RECIBO 004900016081450296                                         
22    00012507182507180007320000000010494505397413880253974138890805001300000070
2301COBRO DEL RECIBO 004900016081450304                                         
22    00012507182507180007320000000000426505397431890253974318970805001300000070
2301COBRO DEL RECIBO 004900016081450341                                         
22    00012507182507180007320000000005283505397458350253974583520805001300000070
2301COBRO DEL RECIBO 004900016081450384                                         
22    00012507182507180007320000000000249505397460620253974606250805001300000070
2301COBRO DEL RECIBO 004900016081450393                                         
22    00012507182507180007320000000001075005397087660253970876600805001300000070
2301COBRO DEL RECIBO 004900016081450431                                         
22    00012507182507180007320000000000249505397503080253975030880805001300000070
2301COBRO DEL RECIBO 004900016081450443                                         
22    00012507182507180007320000000000249505397512680253975126890805001300000070
2301COBRO DEL RECIBO 004900016081450468                                         
22    00012507182507180007320000000000072505397536760253975367650805001300000070
2301COBRO DEL RECIBO 004900016081450503                                         
22    00012507182507180007320000000000426505397546510253975465150805001300000070
2301COBRO DEL RECIBO 004900016081450510                                         
22    00012507182507180007320000000000426505397568680253975686870805001300000070
2301COBRO DEL RECIBO 004900016081450524                                         
22    00012507182507180007320000000000426505397564520253975645290805001300000070
2301COBRO DEL RECIBO 004900016081450517                                         
22    00012507182507180007320000000001980005397200460253972004680805001300000070
2301COBRO DEL RECIBO 004900016081450566                                         
22    00012507182507180007320000000000426505397656870253976568780805001300000070
2301COBRO DEL RECIBO 004900016081450609                                         
3300496661231617649400001000000001006800021500000005474385200000025281194978    
88999999999999999999000434                                                      
