113058022027310000782506012506302000001052349609784UNIVERSIDAD POLITECNICA DE   
22    9999250601250602121512000000000001000175085612ABONO VENTAS                
2301ABONO VENTAS CON TARJETA              175085612-12514210705    6506010640174
23032514210705                                                                  
22    9999250601250602121511000000000000030175085612LIQUID.OP.VE                
2301LIQUID.OP.VENTAS CON TARJETA          175085612-12514210705    6506010640174
23032514210705                                                                  
22    9999250602250602121511000000000000090175085612LIQUID.OP.VE                
2301LIQUID.OP.VENTAS CON TARJETA          175085612-12514210705    6506020533387
23032514210705                                                                  
22    9999250602250602121512000000000010000175085612ABONO VENTAS                
2301ABONO VENTAS CON TARJETA              175085612-12514210705    6506020533387
23032514210705                                                                  
22    9999250603250603121512000000000021000175085612ABONO VENTAS                
2301ABONO VENTAS CON TARJETA              175085612-12514210705    6506030620109
23032514210705                                                                  
22    9999250603250603121511000000000003840175085612LIQUID.OP.VE                
2301LIQUID.OP.VENTAS CON TARJETA          175085612-V5817508561    6506030622455
23035817508561                                                                  
22    9999250603250603121511000000000000450175085612LIQUID.OP.VE                
2301LIQUID.OP.VENTAS CON TARJETA          175085612-12514210705    6506030620109
23032514210705                                                                  
22    9999250603250603121512000000001277700175085612ABONO VENTAS                
2301ABONO VENTAS CON TARJETA              175085612-V5817508561    6506030622455
23035817508561                                                                  
22    9999250603250603121512000000000025000175085612ABONO VENTAS                
2301ABONO VENTAS CON TARJETA              175085612-82320076231    6506030620526
23032320076231                                                                  
22    9999250603250603121511000000000000330175085612LIQUID.OP.VE                
2301LIQUID.OP.VENTAS CON TARJETA          175085612-82320076231    6506030620526
23032320076231                                                                  
22    9999250604250604121511000000000000120175085612LIQUID.OP.VE                
2301LIQUID.OP.VENTAS CON TARJETA          175085612-82320076231    6506040609353
23032320076231                                                                  
22    9999250604250604121512000000000008000175085612ABONO VENTAS                
2301ABONO VENTAS CON TARJETA              175085612-82320076231    6506040609353
23032320076231                                                                  
22    9999250604250604121511000000000000330175085612LIQUID.OP.VE                
2301LIQUID.OP.VENTAS CON TARJETA          175085612-21801717113    6506040616106
23031801717113                                                                  
22    9999250604250604121512000000000016000175085612ABONO VENTAS                
2301ABONO VENTAS CON TARJETA              175085612-21801717113    6506040616106
23031801717113                                                                  
22    9999250604250604121511000000000004590175085612LIQUID.OP.VE                
2301LIQUID.OP.VENTAS CON TARJETA          175085612-V5817508561    6506040611245
23035817508561                                                                  
22    9999250604250604121511000000000000030175085612LIQUID.OP.VE                
2301LIQUID.OP.VENTAS CON TARJETA          175085612-12514210705    6506040615581
23032514210705                                                                  
22    9999250604250604121512000000001532150175085612ABONO VENTAS                
2301ABONO VENTAS CON TARJETA              175085612-V5817508561    6506040611245
23035817508561                                                                  
22    9999250604250604121512000000000001000175085612ABONO VENTAS                
2301ABONO VENTAS CON TARJETA              175085612-12514210705    6506040615581
23032514210705                                                                  
22    9999250605250531121512000000000004200000000000BONIFICACION                
2301BONIFICACION MULTIDIVISA              175085612-                            
2303                                                                            
22    9999250605250605121511000000000000150175085612LIQUID.OP.VE                
2301LIQUID.OP.VENTAS CON TARJETA          175085612-82320076231    6506050608366
23032320076231                                                                  
22    9999250605250605121512000000000006000175085612ABONO VENTAS                
2301ABONO VENTAS CON TARJETA              175085612-82320076231    6506050608366
23032320076231                                                                  
22    9999250605250605121512000000000012000175085612ABONO VENTAS                
2301ABONO VENTAS CON TARJETA              175085612-21801717113    6506050615176
23031801717113                                                                  
22    9999250605250605121511000000000000180175085612LIQUID.OP.VE                
2301LIQUID.OP.VENTAS CON TARJETA          175085612-21801717113    6506050615176
23031801717113                                                                  
22    9999250605250605121512000000001401170175085612ABONO VENTAS                
2301ABONO VENTAS CON TARJETA              175085612-V5817508561    6506050610160
23035817508561                                                                  
22    9999250605250605121511000000000004220175085612LIQUID.OP.VE                
2301LIQUID.OP.VENTAS CON TARJETA          175085612-V5817508561    6506050610160
23035817508561                                                                  
22    9999250606250606121511000000000000270175085612LIQUID.OP.VE                
2301LIQUID.OP.VENTAS CON TARJETA          175085612-12514210705    6506060618349
23032514210705                                                                  
22    9999250606250606121512000000000023000175085612ABONO VENTAS                
2301ABONO VENTAS CON TARJETA              175085612-12514210705    6506060618349
23032514210705                                                                  
22    9999250606250606121511000000000000090175085612LIQUID.OP.VE                
2301LIQUID.OP.VENTAS CON TARJETA          175085612-21801717113    6506060611509
23031801717113                                                                  
22    9999250606250606121512000000000005000175085612ABONO VENTAS                
2301ABONO VENTAS CON TARJETA              175085612-82320076231    6506060612222
23032320076231                                                                  
22    9999250606250606121512000000000781870175085612ABONO VENTAS                
2301ABONO VENTAS CON TARJETA              175085612-V5817508561    6506060613547
23035817508561                                                                  
22    9999250606250606121512000000000005000175085612ABONO VENTAS                
2301ABONO VENTAS CON TARJETA              175085612-21801717113    6506060611509
23031801717113                                                                  
22    9999250606250606121511000000000000120175085612LIQUID.OP.VE                
2301LIQUID.OP.VENTAS CON TARJETA          175085612-82320076231    6506060612222
23032320076231                                                                  
22    9999250606250606121511000000000002350175085612LIQUID.OP.VE                
2301LIQUID.OP.VENTAS CON TARJETA          175085612-V5817508561    6506060613547
23035817508561                                                                  
22    9999250607250609121512000000000012000175085612ABONO VENTAS                
2301ABONO VENTAS CON TARJETA              175085612-12514210705    6506070635429
23032514210705                                                                  
22    9999250607250609121511000000000000270175085612LIQUID.OP.VE                
2301LIQUID.OP.VENTAS CON TARJETA          175085612-12514210705    6506070635429
23032514210705                                                                  
22    9999250607250609121511000000000000030175085612LIQUID.OP.VE                
2301LIQUID.OP.VENTAS CON TARJETA          175085612-82320076231    6506070643445
23032320076231                                                                  
22    9999250607250609121512000000000158610175085612ABONO VENTAS                
2301ABONO VENTAS CON TARJETA              175085612-V5817508561    6506070645200
23035817508561                                                                  
22    9999250607250609121511000000000000470175085612LIQUID.OP.VE                
2301LIQUID.OP.VENTAS CON TARJETA          175085612-V5817508561    6506070645200
23035817508561                                                                  
22    9999250607250609121512000000000001000175085612ABONO VENTAS                
2301ABONO VENTAS CON TARJETA              175085612-82320076231    6506070643445
23032320076231                                                                  
22    9999250608250609121511000000000000060175085612LIQUID.OP.VE                
2301LIQUID.OP.VENTAS CON TARJETA          175085612-12514210705    6506080652478
23032514210705                                                                  
22    9999250608250609121512000000000003000175085612ABONO VENTAS                
2301ABONO VENTAS CON TARJETA              175085612-12514210705    6506080652478
23032514210705                                                                  
22    9999250608250609121512000000000117500175085612ABONO VENTAS                
2301ABONO VENTAS CON TARJETA              175085612-V5817508561    6506080654514
23035817508561                                                                  
22    9999250608250609121511000000000000350175085612LIQUID.OP.VE                
2301LIQUID.OP.VENTAS CON TARJETA          175085612-V5817508561    6506080654514
23035817508561                                                                  
22    9999250609250609121512000000000437500175085612ABONO VENTAS                
2301ABONO VENTAS CON TARJETA              175085612-V5817508561    6506090652239
23035817508561                                                                  
22    9999250609250609121511000000000001310175085612LIQUID.OP.VE                
2301LIQUID.OP.VENTAS CON TARJETA          175085612-V5817508561    6506090652239
23035817508561                                                                  
22    9999250609250609121512000000000003000175085612ABONO VENTAS                
2301ABONO VENTAS CON TARJETA              175085612-12514210705    6506090654405
23032514210705                                                                  
22    9999250609250609121511000000000000060175085612LIQUID.OP.VE                
2301LIQUID.OP.VENTAS CON TARJETA          175085612-12514210705    6506090654405
23032514210705                                                                  
22    9999250610250610121511000000000000060175085612LIQUID.OP.VE                
2301LIQUID.OP.VENTAS CON TARJETA          175085612-12514210705    6506100609361
23032514210705                                                                  
22    9999250610250610121512000000000004000175085612ABONO VENTAS                
2301ABONO VENTAS CON TARJETA              175085612-12514210705    6506100609361
23032514210705                                                                  
22    9999250610250610121511000000000001250175085612LIQUID.OP.VE                
2301LIQUID.OP.VENTAS CON TARJETA          175085612-V5817508561    6506100619167
23035817508561                                                                  
22    9999250610250610121512000000000413330175085612ABONO VENTAS                
2301ABONO VENTAS CON TARJETA              175085612-V5817508561    6506100619167
23035817508561                                                                  
22    9999250611250611121512000000000011000175085612ABONO VENTAS                
2301ABONO VENTAS CON TARJETA              175085612-12514210705    6506110626218
23032514210705                                                                  
22    9999250611250611121511000000000000210175085612LIQUID.OP.VE                
2301LIQUID.OP.VENTAS CON TARJETA          175085612-12514210705    6506110626218
23032514210705                                                                  
22    9999250611250611121511000000000000200175085612LIQUID.OP.VE                
2301LIQUID.OP.VENTAS CON TARJETA          175085612-82320076231    6506110634031
23032320076231                                                                  
22    9999250611250611121512000000000234720175085612ABONO VENTAS                
2301ABONO VENTAS CON TARJETA              175085612-V5817508561    6506110635503
23035817508561                                                                  
22    9999250611250611121512000000000021000175085612ABONO VENTAS                
2301ABONO VENTAS CON TARJETA              175085612-82320076231    6506110634031
23032320076231                                                                  
22    9999250611250611121511000000000000700175085612LIQUID.OP.VE                
2301LIQUID.OP.VENTAS CON TARJETA          175085612-V5817508561    6506110635503
23035817508561                                                                  
22    9999250612250612121511000000000003430175085612LIQUID.OP.VE                
2301LIQUID.OP.VENTAS CON TARJETA          175085612-V5817508561    6506120923217
23035817508561                                                                  
22    9999250612250612121512000000001139020175085612ABONO VENTAS                
2301ABONO VENTAS CON TARJETA              175085612-V5817508561    6506120923217
23035817508561                                                                  
22    9999250612250612121511000000000000030175085612LIQUID.OP.VE                
2301LIQUID.OP.VENTAS CON TARJETA          175085612-12514210705    6506120920044
23032514210705                                                                  
22    9999250612250612121512000000000001000175085612ABONO VENTAS                
2301ABONO VENTAS CON TARJETA              175085612-12514210705    6506120920044
23032514210705                                                                  
22    9999250612250612121511000000000000120175085612LIQUID.OP.VE                
2301LIQUID.OP.VENTAS CON TARJETA          175085612-82320076231    6506120930284
23032320076231                                                                  
22    9999250612250612121512000000000006000175085612ABONO VENTAS                
2301ABONO VENTAS CON TARJETA              175085612-82320076231    6506120930284
23032320076231                                                                  
22    9999250613250613121511000000000000030175085612LIQUID.OP.VE                
2301LIQUID.OP.VENTAS CON TARJETA          175085612-82320076231    6506130621314
23032320076231                                                                  
22    9999250613250613121512000000000001000175085612ABONO VENTAS                
2301ABONO VENTAS CON TARJETA              175085612-82320076231    6506130621314
23032320076231                                                                  
22    9999250613250613121512000000000015000175085612ABONO VENTAS                
2301ABONO VENTAS CON TARJETA              175085612-12514210705    6506130620394
23032514210705                                                                  
22    9999250613250613121511000000000002330175085612LIQUID.OP.VE                
2301LIQUID.OP.VENTAS CON TARJETA          175085612-V5817508561    6506130623118
23035817508561                                                                  
22    9999250613250613121512000000000776960175085612ABONO VENTAS                
2301ABONO VENTAS CON TARJETA              175085612-V5817508561    6506130623118
23035817508561                                                                  
22    9999250613250613121511000000000000360175085612LIQUID.OP.VE                
2301LIQUID.OP.VENTAS CON TARJETA          175085612-12514210705    6506130620394
23032514210705                                                                  
22    9999250614250616121511000000000000360175085612LIQUID.OP.VE                
2301LIQUID.OP.VENTAS CON TARJETA          175085612-V5817508561    6506140639021
23035817508561                                                                  
22    9999250614250616121512000000000118060175085612ABONO VENTAS                
2301ABONO VENTAS CON TARJETA              175085612-V5817508561    6506140639021
23035817508561                                                                  
22    9999250615250616121512000000000001000175085612ABONO VENTAS                
2301ABONO VENTAS CON TARJETA              175085612-12514210705    6506150624045
23032514210705                                                                  
22    9999250615250616121511000000000000030175085612LIQUID.OP.VE                
2301LIQUID.OP.VENTAS CON TARJETA          175085612-12514210705    6506150624045
23032514210705                                                                  
22    9999250615250616121511000000000001530175085612LIQUID.OP.VE                
2301LIQUID.OP.VENTAS CON TARJETA          175085612-V5817508561    6506150632067
23035817508561                                                                  
22    9999250615250616121512000000000509650175085612ABONO VENTAS                
2301ABONO VENTAS CON TARJETA              175085612-V5817508561    6506150632067
23035817508561                                                                  
22    9999250616250616121511000000000001350175085612LIQUID.OP.VE                
2301LIQUID.OP.VENTAS CON TARJETA          175085612-V5817508561    6506160535544
23035817508561                                                                  
22    9999250616250616121512000000000005000175085612ABONO VENTAS                
2301ABONO VENTAS CON TARJETA              175085612-12514210705    6506160534206
23032514210705                                                                  
22    9999250616250616121511000000000000090175085612LIQUID.OP.VE                
2301LIQUID.OP.VENTAS CON TARJETA          175085612-12514210705    6506160534206
23032514210705                                                                  
22    9999250616250616121512000000000450000175085612ABONO VENTAS                
2301ABONO VENTAS CON TARJETA              175085612-V5817508561    6506160535544
23035817508561                                                                  
22    9999250617250617121511000000000000210175085612LIQUID.OP.VE                
2301LIQUID.OP.VENTAS CON TARJETA          175085612-82320076231    6506170557516
23032320076231                                                                  
22    9999250617250617121511000000000000060175085612LIQUID.OP.VE                
2301LIQUID.OP.VENTAS CON TARJETA          175085612-12514210705    6506170550433
23032514210705                                                                  
22    9999250617250617121512000000000588330175085612ABONO VENTAS                
2301ABONO VENTAS CON TARJETA              175085612-V5817508561    6506170552460
23035817508561                                                                  
22    9999250617250617121512000000000009000175085612ABONO VENTAS                
2301ABONO VENTAS CON TARJETA              175085612-82320076231    6506170557516
23032320076231                                                                  
22    9999250617250617121512000000000002000175085612ABONO VENTAS                
2301ABONO VENTAS CON TARJETA              175085612-12514210705    6506170550433
23032514210705                                                                  
22    9999250617250617121511000000000001760175085612LIQUID.OP.VE                
2301LIQUID.OP.VENTAS CON TARJETA          175085612-V5817508561    6506170552460
23035817508561                                                                  
22    9999250618250618121512000000000010010175085612ABONO VENTAS                
2301ABONO VENTAS CON TARJETA              175085612-T5817508561    6506180606248
23035817508561                                                                  
22    9999250618250618121511000000000000120175085612LIQUID.OP.VE                
2301LIQUID.OP.VENTAS CON TARJETA          175085612-12514210705    6506180611205
23032514210705                                                                  
22    9999250618250618121511000000000000210175085612LIQUID.OP.VE                
2301LIQUID.OP.VENTAS CON TARJETA          175085612-T5817508561    6506180606248
23035817508561                                                                  
22    9999250618250618121512000000000400760175085612ABONO VENTAS                
2301ABONO VENTAS CON TARJETA              175085612-V5817508561    6506180606300
23035817508561                                                                  
22    9999250618250618121512000000000003000175085612ABONO VENTAS                
2301ABONO VENTAS CON TARJETA              175085612-82320076231    6506180612104
23032320076231                                                                  
22    9999250618250618121512000000000007000175085612ABONO VENTAS                
2301ABONO VENTAS CON TARJETA              175085612-12514210705    6506180611205
23032514210705                                                                  
22    9999250618250618121511000000000000030175085612LIQUID.OP.VE                
2301LIQUID.OP.VENTAS CON TARJETA          175085612-82320076231    6506180612104
23032320076231                                                                  
22    9999250618250618121511000000000001190175085612LIQUID.OP.VE                
2301LIQUID.OP.VENTAS CON TARJETA          175085612-V5817508561    6506180606300
23035817508561                                                                  
22    9999250619250619121512000000000012000175085612ABONO VENTAS                
2301ABONO VENTAS CON TARJETA              175085612-12514210705    6506190604531
23032514210705                                                                  
22    9999250619250619121512000000000016000175085612ABONO VENTAS                
2301ABONO VENTAS CON TARJETA              175085612-42512226576    6506190605254
23032512226576                                                                  
22    9999250619250619121511000000000001210175085612LIQUID.OP.VE                
2301LIQUID.OP.VENTAS CON TARJETA          175085612-V5817508561    6506190607294
23035817508561                                                                  
22    9999250619250619121511000000000000300175085612LIQUID.OP.VE                
2301LIQUID.OP.VENTAS CON TARJETA          175085612-42512226576    6506190605254
23032512226576                                                                  
22    9999250619250619121511000000000000180175085612LIQUID.OP.VE                
2301LIQUID.OP.VENTAS CON TARJETA          175085612-12514210705    6506190604531
23032514210705                                                                  
22    9999250619250619121512000000000404170175085612ABONO VENTAS                
2301ABONO VENTAS CON TARJETA              175085612-V5817508561    6506190607294
23035817508561                                                                  
22    9999250619250619121511000000000000060175085612LIQUID.OP.VE                
2301LIQUID.OP.VENTAS CON TARJETA          175085612-82320076231    6506190613493
23032320076231                                                                  
22    9999250619250619121512000000000002000175085612ABONO VENTAS                
2301ABONO VENTAS CON TARJETA              175085612-82320076231    6506190613493
23032320076231                                                                  
22    9999250620250620121512000000000002000175085612ABONO VENTAS                
2301ABONO VENTAS CON TARJETA              175085612-42512226576    6506200617384
23032512226576                                                                  
22    9999250620250620121512000000000545670175085612ABONO VENTAS                
2301ABONO VENTAS CON TARJETA              175085612-V5817508561    6506200619475
23035817508561                                                                  
22    9999250620250620121512000000000003000175085612ABONO VENTAS                
2301ABONO VENTAS CON TARJETA              175085612-12514210705    6506200624567
23032514210705                                                                  
22    9999250620250620121511000000000000030175085612LIQUID.OP.VE                
2301LIQUID.OP.VENTAS CON TARJETA          175085612-82320076231    6506200617571
23032320076231                                                                  
22    9999250620250620121511000000000001640175085612LIQUID.OP.VE                
2301LIQUID.OP.VENTAS CON TARJETA          175085612-V5817508561    6506200619475
23035817508561                                                                  
22    9999250620250620121511000000000000060175085612LIQUID.OP.VE                
2301LIQUID.OP.VENTAS CON TARJETA          175085612-12514210705    6506200624567
23032514210705                                                                  
22    9999250620250620121511000000000000060175085612LIQUID.OP.VE                
2301LIQUID.OP.VENTAS CON TARJETA          175085612-42512226576    6506200617384
23032512226576                                                                  
22    9999250620250620121512000000000002000175085612ABONO VENTAS                
2301ABONO VENTAS CON TARJETA              175085612-82320076231    6506200617571
23032320076231                                                                  
22    9999250621250623121511000000000002210175085612LIQUID.OP.VE                
2301LIQUID.OP.VENTAS CON TARJETA          175085612-V5817508561    6506210647594
23035817508561                                                                  
22    9999250621250623121511000000000000090175085612LIQUID.OP.VE                
2301LIQUID.OP.VENTAS CON TARJETA          175085612-82320076231    6506210646127
23032320076231                                                                  
22    9999250621250623121512000000000002000175085612ABONO VENTAS                
2301ABONO VENTAS CON TARJETA              175085612-42512226576    6506210645550
23032512226576                                                                  
22    9999250621250623121512000000000006000175085612ABONO VENTAS                
2301ABONO VENTAS CON TARJETA              175085612-12514210705    6506210645247
23032514210705                                                                  
22    9999250621250623121512000000000005000175085612ABONO VENTAS                
2301ABONO VENTAS CON TARJETA              175085612-82320076231    6506210646127
23032320076231                                                                  
22    9999250621250623121512000000000741110175085612ABONO VENTAS                
2301ABONO VENTAS CON TARJETA              175085612-V5817508561    6506210647594
23035817508561                                                                  
22    9999250621250623121511000000000000030175085612LIQUID.OP.VE                
2301LIQUID.OP.VENTAS CON TARJETA          175085612-42512226576    6506210645550
23032512226576                                                                  
22    9999250621250623121511000000000000120175085612LIQUID.OP.VE                
2301LIQUID.OP.VENTAS CON TARJETA          175085612-12514210705    6506210645247
23032514210705                                                                  
22    9999250622250623121512000000000002000175085612ABONO VENTAS                
2301ABONO VENTAS CON TARJETA              175085612-12514210705    6506220623309
23032514210705                                                                  
22    9999250622250623121512000000000027500175085612ABONO VENTAS                
2301ABONO VENTAS CON TARJETA              175085612-V5817508561    6506220631090
23035817508561                                                                  
22    9999250622250623121511000000000000030175085612LIQUID.OP.VE                
2301LIQUID.OP.VENTAS CON TARJETA          175085612-12514210705    6506220623309
23032514210705                                                                  
22    9999250622250623121511000000000000080175085612LIQUID.OP.VE                
2301LIQUID.OP.VENTAS CON TARJETA          175085612-V5817508561    6506220631090
23035817508561                                                                  
22    9999250623250623121511000000000000120175085612LIQUID.OP.VE                
2301LIQUID.OP.VENTAS CON TARJETA          175085612-V5817508561    6506230601563
23035817508561                                                                  
22    9999250623250623121512000000000039650175085612ABONO VENTAS                
2301ABONO VENTAS CON TARJETA              175085612-V5817508561    6506230601563
23035817508561                                                                  
22    9999250624250624121511000000000000240175085612LIQUID.OP.VE                
2301LIQUID.OP.VENTAS CON TARJETA          175085612-42512226576    6506240618030
23032512226576                                                                  
22    9999250624250624121511000000000001860175085612LIQUID.OP.VE                
2301LIQUID.OP.VENTAS CON TARJETA          175085612-V5817508561    6506240627142
23035817508561                                                                  
22    9999250624250624121512000000000001000175085612ABONO VENTAS                
2301ABONO VENTAS CON TARJETA              175085612-82320076231    6506240625381
23032320076231                                                                  
22    9999250624250624121512000000000621330175085612ABONO VENTAS                
2301ABONO VENTAS CON TARJETA              175085612-V5817508561    6506240627142
23035817508561                                                                  
22    9999250624250624121512000000000015000175085612ABONO VENTAS                
2301ABONO VENTAS CON TARJETA              175085612-42512226576    6506240618030
23032512226576                                                                  
22    9999250624250624121512000000000016000175085612ABONO VENTAS                
2301ABONO VENTAS CON TARJETA              175085612-12514210705    6506240624533
23032514210705                                                                  
22    9999250624250624121511000000000000150175085612LIQUID.OP.VE                
2301LIQUID.OP.VENTAS CON TARJETA          175085612-12514210705    6506240624533
23032514210705                                                                  
22    9999250624250624121511000000000000030175085612LIQUID.OP.VE                
2301LIQUID.OP.VENTAS CON TARJETA          175085612-82320076231    6506240625381
23032320076231                                                                  
22    9999250625250625121512000000000002000175085612ABONO VENTAS                
2301ABONO VENTAS CON TARJETA              175085612-82320076231    6506250629427
23032320076231                                                                  
22    9999250625250625121512000000000006000175085612ABONO VENTAS                
2301ABONO VENTAS CON TARJETA              175085612-12514210705    6506250628550
23032514210705                                                                  
22    9999250625250625121512000000000852500175085612ABONO VENTAS                
2301ABONO VENTAS CON TARJETA              175085612-V5817508561    6506250624163
23035817508561                                                                  
22    9999250625250625121511000000000000090175085612LIQUID.OP.VE                
2301LIQUID.OP.VENTAS CON TARJETA          175085612-42512226576    6506250629261
23032512226576                                                                  
22    9999250625250625121511000000000000090175085612LIQUID.OP.VE                
2301LIQUID.OP.VENTAS CON TARJETA          175085612-12514210705    6506250628550
23032514210705                                                                  
22    9999250625250625121512000000000005000175085612ABONO VENTAS                
2301ABONO VENTAS CON TARJETA              175085612-42512226576    6506250629261
23032512226576                                                                  
22    9999250625250625121511000000000002590175085612LIQUID.OP.VE                
2301LIQUID.OP.VENTAS CON TARJETA          175085612-V5817508561    6506250624163
23035817508561                                                                  
22    9999250625250625121511000000000000030175085612LIQUID.OP.VE                
2301LIQUID.OP.VENTAS CON TARJETA          175085612-82320076231    6506250629427
23032320076231                                                                  
22    9999250626250626121511000000000000030175085612LIQUID.OP.VE                
2301LIQUID.OP.VENTAS CON TARJETA          175085612-42512226576    6506260623273
23032512226576                                                                  
22    9999250626250626121512000000000004000175085612ABONO VENTAS                
2301ABONO VENTAS CON TARJETA              175085612-42512226576    6506260623273
23032512226576                                                                  
22    9999250626250626121512000000000533270175085612ABONO VENTAS                
2301ABONO VENTAS CON TARJETA              175085612-V5817508561    6506260625484
23035817508561                                                                  
22    9999250626250626121511000000000000030175085612LIQUID.OP.VE                
2301LIQUID.OP.VENTAS CON TARJETA          175085612-12514210705    6506260622500
23032514210705                                                                  
22    9999250626250626121512000000000001000175085612ABONO VENTAS                
2301ABONO VENTAS CON TARJETA              175085612-12514210705    6506260622500
23032514210705                                                                  
22    9999250626250626121511000000000001590175085612LIQUID.OP.VE                
2301LIQUID.OP.VENTAS CON TARJETA          175085612-V5817508561    6506260625484
23035817508561                                                                  
22    9999250627250627121511000000000000030175085612LIQUID.OP.VE                
2301LIQUID.OP.VENTAS CON TARJETA          175085612-82320076231    6506270623474
23032320076231                                                                  
22    9999250627250627121511000000000001070175085612LIQUID.OP.VE                
2301LIQUID.OP.VENTAS CON TARJETA          175085612-V5817508561    6506270632535
23035817508561                                                                  
22    9999250627250627121512000000000008000175085612ABONO VENTAS                
2301ABONO VENTAS CON TARJETA              175085612-42512226576    6506270630452
23032512226576                                                                  
22    9999250627250627121511000000000000030175085612LIQUID.OP.VE                
2301LIQUID.OP.VENTAS CON TARJETA          175085612-12514210705    6506270630129
23032514210705                                                                  
22    9999250627250627121511000000000000150175085612LIQUID.OP.VE                
2301LIQUID.OP.VENTAS CON TARJETA          175085612-42512226576    6506270630452
23032512226576                                                                  
22    9999250627250627121512000000000002000175085612ABONO VENTAS                
2301ABONO VENTAS CON TARJETA              175085612-12514210705    6506270630129
23032514210705                                                                  
22    9999250627250627121512000000000001000175085612ABONO VENTAS                
2301ABONO VENTAS CON TARJETA              175085612-82320076231    6506270623474
23032320076231                                                                  
22    9999250627250627121512000000000355970175085612ABONO VENTAS                
2301ABONO VENTAS CON TARJETA              175085612-V5817508561    6506270632535
23035817508561                                                                  
22    9999250628250630121511000000000000060175085612LIQUID.OP.VE                
2301LIQUID.OP.VENTAS CON TARJETA          175085612-82320076231    6506280646243
23032320076231                                                                  
22    9999250628250630121512000000000002000175085612ABONO VENTAS                
2301ABONO VENTAS CON TARJETA              175085612-12514210705    6506280645252
23032514210705                                                                  
22    9999250628250630121512000000000505610175085612ABONO VENTAS                
2301ABONO VENTAS CON TARJETA              175085612-V5817508561    6506280648230
23035817508561                                                                  
22    9999250628250630121511000000000000120175085612LIQUID.OP.VE                
2301LIQUID.OP.VENTAS CON TARJETA          175085612-42512226576    6506280646056
23032512226576                                                                  
22    9999250628250630121512000000000002000175085612ABONO VENTAS                
2301ABONO VENTAS CON TARJETA              175085612-82320076231    6506280646243
23032320076231                                                                  
22    9999250628250630121512000000000009000175085612ABONO VENTAS                
2301ABONO VENTAS CON TARJETA              175085612-42512226576    6506280646056
23032512226576                                                                  
22    9999250628250630121511000000000000030175085612LIQUID.OP.VE                
2301LIQUID.OP.VENTAS CON TARJETA          175085612-12514210705    6506280645252
23032514210705                                                                  
22    9999250628250630121511000000000001520175085612LIQUID.OP.VE                
2301LIQUID.OP.VENTAS CON TARJETA          175085612-V5817508561    6506280648230
23035817508561                                                                  
22    9999250629250630121511000000000000290175085612LIQUID.OP.VE                
2301LIQUID.OP.VENTAS CON TARJETA          175085612-V5817508561    6506290632592
23035817508561                                                                  
22    9999250629250630121512000000000097500175085612ABONO VENTAS                
2301ABONO VENTAS CON TARJETA              175085612-V5817508561    6506290632592
23035817508561                                                                  
22    9999250630250630121511000000000000030175085612LIQUID.OP.VE                
2301LIQUID.OP.VENTAS CON TARJETA          175085612-12514210705    6506300555485
23032514210705                                                                  
22    9999250630250630121512000000000205000175085612ABONO VENTAS                
2301ABONO VENTAS CON TARJETA              175085612-V5817508561    6506300557214
23035817508561                                                                  
22    9999250630250630121511000000000000610175085612LIQUID.OP.VE                
2301LIQUID.OP.VENTAS CON TARJETA          175085612-V5817508561    6506300557214
23035817508561                                                                  
22    9999250630250630121512000000000001000175085612ABONO VENTAS                
2301ABONO VENTAS CON TARJETA              175085612-12514210705    6506300555485
23032514210705                                                                  
22    9999250630250630171282000000001069170000000000INTRS.ACREED                
2301INTRS.ACREEDORES                      20250531202506309999000000035355372300
22    9999250630250630175721000000000012000000000000COMISION MTO                
2301COMISION MTO. ACTIVIDAD               202505312025063010000000000000000000  
3330580220273100007800084000000000064290008500000001671499200000106900030978    
88999999999999999999000507                                                      
